% Encoding: UTF-8

@Article{1890a,
  journal   = {Philosophical Transactions of the Royal Society of London. (A.)},
  title     = {{IX}. On the alleged slipping at the boundary of a liquid in motion},
  year      = {1890},
  month     = {dec},
  pages     = {559--582},
  volume    = {181},
  doi       = {10.1098/rsta.1890.0010},
  publisher = {The Royal Society},
}

@Article{Liao2011,
  author    = {Yabin Liao and Valana Wells},
  journal   = {Journal of Sound and Vibration},
  title     = {Modal parameter identification using the log decrement method and band-pass filters},
  year      = {2011},
  month     = {oct},
  number    = {21},
  pages     = {5014--5023},
  volume    = {330},
  doi       = {10.1016/j.jsv.2011.05.017},
  publisher = {Elsevier {BV}},
}

@Article{Saito1982,
  author    = {H. Saito and H. Yamaguchi},
  journal   = {Journal of Sound and Vibration},
  title     = {Frequency and loss factor of rectangular plates reinforced by intermediate viscoelastic line supports},
  year      = {1982},
  month     = {jul},
  number    = {2},
  pages     = {157--162},
  volume    = {83},
  doi       = {10.1016/s0022-460x(82)80083-7},
  publisher = {Elsevier {BV}},
}

@Article{Stanton2010,
  author    = {Samuel C. Stanton and Clark C. McGehee and Brian P. Mann},
  journal   = {Physica D: Nonlinear Phenomena},
  title     = {Nonlinear dynamics for broadband energy harvesting: Investigation of a bistable piezoelectric inertial generator},
  year      = {2010},
  month     = {may},
  number    = {10},
  pages     = {640--653},
  volume    = {239},
  doi       = {10.1016/j.physd.2010.01.019},
  publisher = {Elsevier {BV}},
}

@Article{Hansen2006,
  author    = {M. H. Hansen and K. Thomsen and P. Fuglsang and T. Knudsen},
  journal   = {Wind Energy},
  title     = {Two methods for estimating aeroelastic damping of operational wind turbine modes from experiments},
  year      = {2006},
  month     = {jan},
  number    = {1-2},
  pages     = {179--191},
  volume    = {9},
  doi       = {10.1002/we.187},
  publisher = {Wiley},
}

@Article{Fang1996,
  author    = {J. Fang and G.J. Lyons},
  journal   = {Journal of Sound and Vibration},
  title     = {Structural damping of tensioned pipes with reference to cables},
  year      = {1996},
  month     = {jun},
  number    = {4},
  pages     = {891--907},
  volume    = {193},
  doi       = {10.1006/jsvi.1996.0321},
  publisher = {Elsevier {BV}},
}

@Article{Ibrahim1977,
  author    = {S.R. Ibrahim},
  journal   = {Journal of Spacecraft and Rockets},
  title     = {Random Decrement Technique for Modal Identification of Structures},
  year      = {1977},
  month     = {nov},
  number    = {11},
  pages     = {696--700},
  volume    = {14},
  doi       = {10.2514/3.57251},
  publisher = {American Institute of Aeronautics and Astronautics ({AIAA})},
}

@Article{GAYLARD2001,
  author    = {M.E. Gaylard},
  journal   = {Mechanical Systems and Signal Processing},
  title     = {Identification of proportional and other sorts of damping matrices using a weighted response-integral method},
  year      = {2001},
  month     = {mar},
  number    = {2},
  pages     = {245--256},
  volume    = {15},
  doi       = {10.1006/mssp.2000.1360},
  publisher = {Elsevier {BV}},
}

@Article{Ahmed2016,
  author    = {Feroz Ahmed and S.B. Kandagal},
  journal   = {Procedia Engineering},
  title     = {Modal Identification of Aircraft Wing Coupled Heave-Pitch Modes Using Wavelet Packet Decomposition and Logarithmic Decrement},
  year      = {2016},
  pages     = {435--443},
  volume    = {144},
  doi       = {10.1016/j.proeng.2016.05.153},
  publisher = {Elsevier {BV}},
}

@Article{Huang2007,
  author    = {Fang-Lin Huang and Xue-Min Wang and Zheng-Qing Chen and Xu-Hui He and Yi-Qing Ni},
  journal   = {Journal of Sound and Vibration},
  title     = {A new approach to identification of structural damping ratios},
  year      = {2007},
  month     = {jun},
  number    = {1-2},
  pages     = {144--153},
  volume    = {303},
  doi       = {10.1016/j.jsv.2006.12.026},
  publisher = {Elsevier {BV}},
}

@Article{Little2019,
  author    = {Jared A. Little and Brian P. Mann},
  journal   = {Journal of Sound and Vibration},
  title     = {Optimizing logarithmic decrement damping estimation through uncertainty propagation},
  year      = {2019},
  month     = {sep},
  pages     = {368--376},
  volume    = {457},
  doi       = {10.1016/j.jsv.2019.05.040},
  publisher = {Elsevier {BV}},
}

@Comment{jabref-meta: databaseType:bibtex;}
